% Encoding: UTF-8

@Article{Espanola2015a,
  author = {Real Academia Española},
  title  = {Diccionario panhispánico de dudas},
  year   = {2015},
}

@Comment{jabref-meta: databaseType:bibtex;}
